@book{akopyan,
  title={Geometry in figures},
  author={Akopyan, A.},
  year={2017},
  addendum={[Translated to Bulgarian, Chinese, French, Hebrew, Polish, Russian, and Spanish.]}
}

@article {akopyan-fedorov,
    AUTHOR = {Akopyan, A. and Fedorov, R.},
     TITLE = {Two circles and only a straightedge},
   JOURNAL = {Proc. Amer. Math. Soc.},
  FJOURNAL = {Proceedings of the American Mathematical Society},
    VOLUME = {147},
      YEAR = {2019},
    NUMBER = {1},
     PAGES = {91--102},
      ISSN = {0002-9939},
   MRCLASS = {51M15 (14A25 14H52 51M09)},
  MRNUMBER = {3876733},
MRREVIEWER = {Victor V. Pambuccian},
       DOI = {10.1090/proc/14240},
}

@incollection{engeler,
  title={Remarks on the theory of geometrical constructions},
  author={Engeler, E.},
  booktitle={The syntax and semantics of infinitary languages},
  pages={64--76},
  year={1968}
}

@article {alexandrov,
    AUTHOR = {Aleksandrov, A. D.},
     TITLE = {Minimal foundations of geometry},
   JOURNAL = {Siberian Math. J.},
    VOLUME = {35},
      YEAR = {1994},
    NUMBER = {6},
     PAGES = {1057--1069},
}

@book{bachmann,
  title={Aufbau der Geometrie aus dem Spiegelungsbegriff},
  author={Bachmann, F.},
  year={1959},
}

@online{arnold-rogness,
  title={M{\"o}bius transformations revealed},
  author={Arnold, D. and Rogness, J.},
  year={2008},
  url={http://www-users.math.umn.edu/~arnold/moebius/}
}

@online{euclidea,
title={Euclidea},
  url={https://www.euclidea.xyz}
}

@article{beltrami,
  title={Teoria fondamentale degli spazii di curvatura costante},
  author={Beltrami, E.},
  journal={Annali. di Mat., ser II},
  volume={2},
  pages={232--255},
  year={1868},
  addendum={[Translated by J. Stillwell in \textit{Sources of Hyperbolic Geometry}, pp. 41--62 (1996).]}
}

@article {birkhoff,
    AUTHOR = {Birkhoff, G. D.},
     TITLE = {A set of postulates for plane geometry, based on scale and
              protractor},
   JOURNAL = {Ann. of Math. (2)},
  FJOURNAL = {Annals of Mathematics. Second Series},
    VOLUME = {33},
      YEAR = {1932},
    NUMBER = {2},
     PAGES = {329--345},
}

@book {bolyai,
    AUTHOR = {Bolyai, J.},
     TITLE = {Appendix},
     YEAR ={1832},
    addendum={[Translated by Ferenc Kárteszi in \textit{Appendix.
The theory of space}, (1987).]}   
}

@book {euclid,
 TITLE = {Euclid's Elements}
 }
 
@book{byrne,
  title={The first six books of the Elements of Euclid: in which coloured diagrams and symbols are used instead of letters for the greater ease of learners},
  author={Byrne, O.},
  year={1847},
  url={https://github.com/jemmybutton/byrne-euclid/releases}
}

@book{hadamard,
  title={Le{\c{c}}ons de g{\'e}om{\'e}trie {\'e}l{\'e}mentaire: G{\'e}om{\'e}trie plane},
  author={Hadamard, J.},
  year={1906},
addendum={[Translated  by M. Saul in \textit{Lessons in geometry. I.
Plane geometry}, (2008).]}
}

@book{kiselev,
  title={Элементарная геометрия},
  author={Киселёв, А. П.},
  addendum={[Translated by A. Givental in \textit{Kiselev's geometry}, (2006).]}
}

@article{lambert,
  title={Theorie der parallellinien},
  author={Lambert, J. H.},
  journal={Leipziger Magazin f{\"u}r reine und angewandte Mathematik},
  volume={1},
  number={2},
  pages={137--164},
  year={1786}
}

@article{legendre,
  title={El{\'e}ments de g{\'e}om{\'e}trie},
  author={Legendre, A.-M.},
  year={1794}
}

@article{lobachevsky,
author={Лобачевский, Н. И.},
title={О началах геометрии}, 
journal={Казанский вестник},
number={25---28},
year={1829---1830}
}

@incollection{lobachevsky-1840,
  title={Geometrische Untersuchungen zur Theorie der Parallellinien},
  author={Lobatschewsky, N. I.},
  year={1840},
addendum={[Translated  by G.~B. Halsted in \textit{The Theory of Parallels}, (2015).]}
}

@book{prasolov,
  title={Задачи по планиметрии},
  author={Прасолов, В. В.},
  year={1986},
  addendum={[Translated by D. Leites in \textit{Problems in plane and solid geometry}, (2006).]}
}

@book{saccheri,
  title={Euclides ab omni n\ae vo vindicatus},
  author={Saccheri, G. G.},
  year={1733},
addendum={[Translated by G. B. Halsted in \textit{Euclides vindicatus}, (1986).]},
}

@book{sharygin,
  title={Геометрия 7--9},
  author={Шарыгин, И. Ф.},
  year={1997}
}

@book{staudt,
  title={Geometrie der lage},
  author={von Staudt, K. G. C.},
  year={1847},
}

@inproceedings {tarski,
    AUTHOR = {Tarski, A.},
     TITLE = {What is elementary geometry?},
 BOOKTITLE = {The axiomatic method (edited by {L}. {H}enkin, {P}. {S}uppes and {A}.
              {T}arski)},
     PAGES = {16--29},
      YEAR = {1959},
}

@book{taurinus,
  title={Geometriae: Prima elementa. Recensuit et novas observationes adjecit},
  author={Taurinus, F. A.},
  year={1826},
  publisher={Bachem}
}

@online{zadachi,
title={Задачи},
url={https://www.problems.ru/}
}
